@article{sortingnineinputs,
  title={Sorting nine inputs requires twenty-five comparisons},
  author="Michael Codish; Lu√≠s Cruz-Filipe; Michael Frank; Peter Schneider-Kamp",
  url={https://arxiv.org/pdf/1405.5754},
  year={2016},
  journal = "Journal of Computer and System Sciences"
}
@book{knuth1997art,
	title={The art of computer programming},
	author={Knuth, Donald Ervin},
	volume={3},
	year={1997},
	publisher={Pearson Education}
}
